@book{tu2010introduction,
	title={An Introduction to Manifolds},
	author={Tu, L.W.},
	series={Universitext},
	year={2010},
	publisher={Springer New York}
}
@book{lee2012introduction,
	title={Introduction to Smooth Manifolds},
	author={Lee, J.},
	series={Graduate Texts in Mathematics},
	year={2012},
	publisher={Springer New York}
}
@article{lundellfrobenius,
	author = {Albert T. Lundell},
	journal = {Proceedings of the American Mathematical Society},
	number = {4},
	pages = {1131-1133},
	publisher = {American Mathematical Society},
	title = {A Short Proof of the Frobenius Theorem},
	volume = {116},
	year = {1992}
}
@book{warner2013foundations,
	title={Foundations of Differentiable Manifolds and Lie Groups},
	author={Warner, F.W.},
	series={Graduate Texts in Mathematics},
	year={2013},
	publisher={Springer New York}
}
@book{friedberg2003linear,
	title={Linear Algebra},
	author={Friedberg, S.H. and Insel, A.J. and Spence, L.E.},
	series={Featured Titles for Linear Algebra (Advanced) Series},
	year={2003},
	publisher={Pearson Education}
}
@book{hirsch1974differential,
	title={Differential Equations, Dynamical Systems, and Linear Algebra},
	author={Hirsch, M.W. and Smale, S.},
	series={Pure and Applied Mathematics},
	year={1974},
	publisher={Elsevier Science}
}
